[gd_scene load_steps=8 format=2]

[ext_resource path="res://asset/tileset/city/normal.tscn" type="PackedScene" id=1]
[ext_resource path="res://asset/tileset/city/forward.tscn" type="PackedScene" id=2]
[ext_resource path="res://asset/tileset/city/corner.tscn" type="PackedScene" id=3]
[ext_resource path="res://asset/tileset/city/start.tscn" type="PackedScene" id=4]
[ext_resource path="res://asset/tileset/city/obstructed.tscn" type="PackedScene" id=5]
[ext_resource path="res://map/my-awesome-map/map.gd" type="Script" id=6]

[sub_resource type="Curve3D" id=1]
_data = {
"points": PoolVector3Array( 0, 0, 0, 0, 0, 0, 17.8414, -6.10352e-05, 20.9552, 0, 0, 0, 0, 0, 0, -17.9948, 6.10352e-05, 21.0963, 0, 0, 0, 0, 0, 0, -17.9243, 6.10352e-05, 8.89226, 0, 0, 0, 0, 0, 0, 17.7003, -6.10352e-05, 9.10389, 0, 0, 0, 0, 0, 0, 18.053, -6.10352e-05, -8.74366, 0, 0, 0, 0, 0, 0, -17.8537, 6.10352e-05, -9.09639, 0, 0, 0, 0, 0, 0, -17.7832, 6.10352e-05, -21.1594, 0, 0, 0, 0, 0, 0, 17.5592, -6.10352e-05, -20.9477 ),
"tilts": PoolRealArray( 0, 0, 0, 0, 0, 0, 0, 0 )
}

[node name="map" type="Spatial"]
transform = Transform( -4.37114e-08, 0, 1, 0, 1, 0, -1, 0, -4.37114e-08, 0, 0, 0 )
script = ExtResource( 6 )

[node name="tiles" type="Spatial" parent="."]

[node name="normals" type="Spatial" parent="tiles"]
transform = Transform( 1, 0, 0, 0, 1, 0, 0, 0, 1, 0, 0, 3 )

[node name="normal" parent="tiles/normals" instance=ExtResource( 1 )]

[node name="normal4" parent="tiles/normals" instance=ExtResource( 1 )]
transform = Transform( 1, 0, 0, 0, 1, 0, 0, 0, 1, -6, 0, 0 )

[node name="normal5" parent="tiles/normals" instance=ExtResource( 1 )]
transform = Transform( 1, 0, 0, 0, 1, 0, 0, 0, 1, -12, 0, 0 )

[node name="normal2" parent="tiles/normals" instance=ExtResource( 1 )]
transform = Transform( 1, 0, 0, 0, 1, 0, 0, 0, 1, 6, 0, 0 )

[node name="normal3" parent="tiles/normals" instance=ExtResource( 1 )]
transform = Transform( 1, 0, 0, 0, 1, 0, 0, 0, 1, 12, 0, 0 )

[node name="normals2" type="Spatial" parent="tiles"]
transform = Transform( 1, 0, 0, 0, 1, 0, 0, 0, 1, 0, 0, -3 )

[node name="normal" parent="tiles/normals2" instance=ExtResource( 1 )]

[node name="normal4" parent="tiles/normals2" instance=ExtResource( 1 )]
transform = Transform( 1, 0, 0, 0, 1, 0, 0, 0, 1, -6, 0, 0 )

[node name="normal5" parent="tiles/normals2" instance=ExtResource( 1 )]
transform = Transform( 1, 0, 0, 0, 1, 0, 0, 0, 1, -12, 0, 0 )

[node name="normal2" parent="tiles/normals2" instance=ExtResource( 1 )]
transform = Transform( 1, 0, 0, 0, 1, 0, 0, 0, 1, 6, 0, 0 )

[node name="normal3" parent="tiles/normals2" instance=ExtResource( 1 )]
transform = Transform( 1, 0, 0, 0, 1, 0, 0, 0, 1, 12, 0, 0 )

[node name="normals3" type="Spatial" parent="tiles"]
transform = Transform( 1, 0, 0, 0, 1, 0, 0, 0, 1, 0, 0, -15 )

[node name="normal" parent="tiles/normals3" instance=ExtResource( 1 )]

[node name="normal4" parent="tiles/normals3" instance=ExtResource( 1 )]
transform = Transform( 1, 0, 0, 0, 1, 0, 0, 0, 1, -6, 0, 0 )

[node name="normal5" parent="tiles/normals3" instance=ExtResource( 1 )]
transform = Transform( 1, 0, 0, 0, 1, 0, 0, 0, 1, -12, 0, 0 )

[node name="normal2" parent="tiles/normals3" instance=ExtResource( 1 )]
transform = Transform( 1, 0, 0, 0, 1, 0, 0, 0, 1, 6, 0, 0 )

[node name="normal3" parent="tiles/normals3" instance=ExtResource( 1 )]
transform = Transform( 1, 0, 0, 0, 1, 0, 0, 0, 1, 12, 0, 0 )

[node name="normals4" type="Spatial" parent="tiles"]
transform = Transform( 1, 0, 0, 0, 1, 0, 0, 0, 1, 0, 0, 15 )

[node name="normal" parent="tiles/normals4" instance=ExtResource( 1 )]

[node name="normal4" parent="tiles/normals4" instance=ExtResource( 1 )]
transform = Transform( 1, 0, 0, 0, 1, 0, 0, 0, 1, -6, 0, 0 )

[node name="normal5" parent="tiles/normals4" instance=ExtResource( 1 )]
transform = Transform( 1, 0, 0, 0, 1, 0, 0, 0, 1, -12, 0, 0 )

[node name="normal2" parent="tiles/normals4" instance=ExtResource( 1 )]
transform = Transform( 1, 0, 0, 0, 1, 0, 0, 0, 1, 6, 0, 0 )

[node name="normal3" parent="tiles/normals4" instance=ExtResource( 1 )]
transform = Transform( 1, 0, 0, 0, 1, 0, 0, 0, 1, 12, 0, 0 )

[node name="forward" type="Spatial" parent="tiles"]

[node name="forward" parent="tiles/forward" instance=ExtResource( 2 )]
transform = Transform( 1, 0, 0, 0, 1, 0, 0, 0, 1, 0, 0, -9 )

[node name="forward2" parent="tiles/forward" instance=ExtResource( 2 )]
transform = Transform( 1, 0, 0, 0, 1, 0, 0, 0, 1, -6, 0, -9 )

[node name="forward3" parent="tiles/forward" instance=ExtResource( 2 )]
transform = Transform( 1, 0, 0, 0, 1, 0, 0, 0, 1, -12, 0, -9 )

[node name="forward4" parent="tiles/forward" instance=ExtResource( 2 )]
transform = Transform( 1, 0, 0, 0, 1, 0, 0, 0, 1, 6, 0, -9 )

[node name="forward5" parent="tiles/forward" instance=ExtResource( 2 )]
transform = Transform( 1, 0, 0, 0, 1, 0, 0, 0, 1, 12, 0, -9 )

[node name="forward2" type="Spatial" parent="tiles"]
transform = Transform( 1, 0, 0, 0, 1, 0, 0, 0, 1, 0, 0, 18 )

[node name="forward" parent="tiles/forward2" instance=ExtResource( 2 )]
transform = Transform( 1, 0, 0, 0, 1, 0, 0, 0, 1, 0, 0, -9 )

[node name="forward2" parent="tiles/forward2" instance=ExtResource( 2 )]
transform = Transform( 1, 0, 0, 0, 1, 0, 0, 0, 1, -6, 0, -9 )

[node name="forward3" parent="tiles/forward2" instance=ExtResource( 2 )]
transform = Transform( 1, 0, 0, 0, 1, 0, 0, 0, 1, -12, 0, -9 )

[node name="forward4" parent="tiles/forward2" instance=ExtResource( 2 )]
transform = Transform( 1, 0, 0, 0, 1, 0, 0, 0, 1, 6, 0, -9 )

[node name="forward5" parent="tiles/forward2" instance=ExtResource( 2 )]
transform = Transform( 1, 0, 0, 0, 1, 0, 0, 0, 1, 12, 0, -9 )

[node name="forward3" type="Spatial" parent="tiles"]
transform = Transform( 1, 0, 0, 0, 1, 0, 0, 0, 1, 0, 0, -12 )

[node name="forward" parent="tiles/forward3" instance=ExtResource( 2 )]
transform = Transform( 1, 0, 0, 0, 1, 0, 0, 0, 1, 0, 0, -9 )

[node name="forward2" parent="tiles/forward3" instance=ExtResource( 2 )]
transform = Transform( 1, 0, 0, 0, 1, 0, 0, 0, 1, -6, 0, -9 )

[node name="forward3" parent="tiles/forward3" instance=ExtResource( 2 )]
transform = Transform( 1, 0, 0, 0, 1, 0, 0, 0, 1, -12, 0, -9 )

[node name="forward4" parent="tiles/forward3" instance=ExtResource( 2 )]
transform = Transform( 1, 0, 0, 0, 1, 0, 0, 0, 1, 6, 0, -9 )

[node name="forward5" parent="tiles/forward3" instance=ExtResource( 2 )]
transform = Transform( 1, 0, 0, 0, 1, 0, 0, 0, 1, 12, 0, -9 )

[node name="forward4" type="Spatial" parent="tiles"]
transform = Transform( 1, 0, 0, 0, 1, 0, 0, 0, 1, 0, 0, 30 )

[node name="forward" parent="tiles/forward4" instance=ExtResource( 2 )]
transform = Transform( 1, 0, 0, 0, 1, 0, 0, 0, 1, 0, 0, -9 )

[node name="forward2" parent="tiles/forward4" instance=ExtResource( 2 )]
transform = Transform( 1, 0, 0, 0, 1, 0, 0, 0, 1, -6, 0, -9 )

[node name="forward3" parent="tiles/forward4" instance=ExtResource( 2 )]
transform = Transform( 1, 0, 0, 0, 1, 0, 0, 0, 1, -12, 0, -9 )

[node name="forward4" parent="tiles/forward4" instance=ExtResource( 2 )]
transform = Transform( 1, 0, 0, 0, 1, 0, 0, 0, 1, 6, 0, -9 )

[node name="forward5" parent="tiles/forward4" instance=ExtResource( 2 )]
transform = Transform( 1, 0, 0, 0, 1, 0, 0, 0, 1, 12, 0, -9 )

[node name="corner" type="Spatial" parent="tiles"]

[node name="corner" parent="tiles/corner" instance=ExtResource( 3 )]
transform = Transform( 1, 0, 0, 0, 1, 0, 0, 0, 1, 18, 0, -9 )

[node name="corner2" parent="tiles/corner" instance=ExtResource( 3 )]
transform = Transform( -4.37114e-08, 0, -1, 0, 1, 0, 1, 0, -4.37114e-08, 18, 0, 9 )

[node name="corner3" parent="tiles/corner" instance=ExtResource( 3 )]
transform = Transform( -1, 0, 8.74228e-08, 0, 1, 0, -8.74228e-08, 0, -1, -18, 0, 21 )

[node name="corner4" parent="tiles/corner" instance=ExtResource( 3 )]
transform = Transform( 1.31134e-07, 0, 1, 0, 1, 0, -1, 0, 1.31134e-07, -18, 0, 9 )

[node name="corner5" parent="tiles/corner" instance=ExtResource( 3 )]
transform = Transform( 1.31134e-07, 0, 1, 0, 1, 0, -1, 0, 1.31134e-07, -18, 0, -21 )

[node name="corner6" parent="tiles/corner" instance=ExtResource( 3 )]
transform = Transform( -1, 0, 8.74228e-08, 0, 1, 0, -8.74228e-08, 0, -1, -18, 0, -9 )

[node name="forward" parent="tiles/corner" instance=ExtResource( 2 )]
transform = Transform( -4.37114e-08, 0, 1, 0, 1, 0, -1, 0, -4.37114e-08, -18, 0, 15 )

[node name="forward2" parent="tiles/corner" instance=ExtResource( 2 )]
transform = Transform( -4.37114e-08, 0, 1, 0, 1, 0, -1, 0, -4.37114e-08, 18, 0, 3 )

[node name="forward3" parent="tiles/corner" instance=ExtResource( 2 )]
transform = Transform( -4.37114e-08, 0, 1, 0, 1, 0, -1, 0, -4.37114e-08, 18, 0, -3 )

[node name="forward4" parent="tiles/corner" instance=ExtResource( 2 )]
transform = Transform( -4.37114e-08, 0, 1, 0, 1, 0, -1, 0, -4.37114e-08, -18, 0, -15 )

[node name="start" parent="tiles/corner" instance=ExtResource( 4 )]
transform = Transform( -1, 0, -8.74228e-08, 0, 1, 0, 8.74228e-08, 0, -1, 18, 0, -21 )

[node name="start2" parent="tiles/corner" instance=ExtResource( 4 )]
transform = Transform( -1, 0, -8.74228e-08, 0, 1, 0, 8.74228e-08, 0, -1, 18, 0, 21 )

[node name="border" type="Spatial" parent="tiles"]

[node name="obstructed" parent="tiles/border" instance=ExtResource( 5 )]
transform = Transform( 1, 0, 0, 0, 1, 0, 0, 0, 1, -18, 0, -3 )

[node name="obstructed2" parent="tiles/border" instance=ExtResource( 5 )]
transform = Transform( 1, 0, 0, 0, 1, 0, 0, 0, 1, -18, 0, 3 )

[node name="obstructed3" parent="tiles/border" instance=ExtResource( 5 )]
transform = Transform( 1, 0, 0, 0, 1, 0, 0, 0, 1, 18, 0, 15 )

[node name="obstructed4" parent="tiles/border" instance=ExtResource( 5 )]
transform = Transform( 1, 0, 0, 0, 1, 0, 0, 0, 1, 18, 0, -15 )

[node name="Path" type="Path" parent="."]
curve = SubResource( 1 )
