[gd_scene load_steps=7 format=2]

[ext_resource path="res://asset/material/tile/dark.tres" type="Material" id=1]
[ext_resource path="res://asset/material/tile/crayola.tres" type="Material" id=2]
[ext_resource path="res://asset/material/energy.tres" type="Material" id=3]
[ext_resource path="res://asset/tileset/city/glb/forward.glb" type="PackedScene" id=4]

[sub_resource type="BoxShape" id=1]
extents = Vector3( 3, 1, 1 )

[sub_resource type="BoxShape" id=2]
extents = Vector3( 3, 1, 0.5 )

[node name="forward" instance=ExtResource( 4 )]

[node name="path_forward" parent="." index="0"]
material/0 = ExtResource( 2 )
material/1 = ExtResource( 3 )
material/2 = ExtResource( 1 )
material/3 = ExtResource( 1 )

[node name="path" type="Area" parent="path_forward" index="0" groups=[
"area_path",
]]

[node name="CollisionShape" type="CollisionShape" parent="path_forward/path" index="0"]
shape = SubResource( 1 )

[node name="tower" type="Area" parent="path_forward" index="1" groups=[
"area_tower",
]]
transform = Transform( 1, 0, 0, 0, 1, 0, 0, 0, 1, 0, 0, 2.5 )
collision_layer = 2
collision_mask = 2

[node name="CollisionShape" type="CollisionShape" parent="path_forward/tower" index="0"]
shape = SubResource( 2 )

[node name="CollisionShape2" type="CollisionShape" parent="path_forward/tower" index="1"]
transform = Transform( 1, 0, 0, 0, 1, 0, 0, 0, 1, 0, 0, -5 )
shape = SubResource( 2 )

[node name="blocked" type="Area" parent="path_forward" index="2" groups=[
"area_blocked",
]]
transform = Transform( 1, 0, 0, 0, 1, 0, 0, 0, 1, 0, 0, 2.5 )

[node name="CollisionShape" type="CollisionShape" parent="path_forward/blocked" index="0"]
transform = Transform( 1, 0, 0, 0, 1, 0, 0, 0, 1, 0, 0, -1 )
shape = SubResource( 2 )

[node name="CollisionShape2" type="CollisionShape" parent="path_forward/blocked" index="1"]
transform = Transform( 1, 0, 0, 0, 1, 0, 0, 0, 1, 0, 0, -4 )
shape = SubResource( 2 )
