[gd_scene load_steps=8 format=2]

[ext_resource path="res://asset/building/tower.glb" type="PackedScene" id=1]
[ext_resource path="res://asset/material/energy.tres" type="Material" id=2]
[ext_resource path="res://asset/material/metal/metal.tres" type="Material" id=3]
[ext_resource path="res://asset/material/wall/wall.tres" type="Material" id=4]
[ext_resource path="res://building/tower.gd" type="Script" id=5]

[sub_resource type="CylinderShape" id=2]
radius = 0.103896
height = 1.39651

[sub_resource type="BoxShape" id=1]
extents = Vector3( 2, 0.1, 2 )

[node name="tower" instance=ExtResource( 1 )]
script = ExtResource( 5 )
cooldown = 0.5
damage = 20
building_name = "The Tower"
node_looking_at_enemies = NodePath("top")
cost = 25

[node name="base" parent="." index="0"]
material/0 = ExtResource( 3 )
material/1 = ExtResource( 4 )
material/2 = ExtResource( 2 )

[node name="top" parent="." index="1"]
transform = Transform( 2, 0, 0, 0, 2, 0, 0, 0, 2, 0, 3.85974, 0 )
material/0 = ExtResource( 3 )
material/1 = ExtResource( 4 )
material/2 = ExtResource( 2 )

[node name="laser" type="CSGCylinder" parent="top" index="0"]
transform = Transform( 1, -1.74846e-07, -7.64274e-15, 0, -4.37114e-08, 1, -1.74846e-07, -1, -4.37114e-08, 0, 0, -2.09616 )
radius = 0.015
height = 1.3264
material = ExtResource( 2 )

[node name="OmniLight" type="OmniLight" parent="top/laser" index="0"]
light_color = Color( 0, 1, 1, 1 )
light_energy = 5.0

[node name="Area" type="Area" parent="top/laser" index="1"]
collision_layer = 0
collision_mask = 8

[node name="CollisionShape" type="CollisionShape" parent="top/laser/Area" index="0"]
transform = Transform( 1, 0, 0, 0, 1, 0, 0, 0, 1, -1.43997e-07, -0.823566, -2.38419e-07 )
shape = SubResource( 2 )

[node name="Area" type="Area" parent="." index="2"]

[node name="CollisionShape" type="CollisionShape" parent="Area" index="0"]
shape = SubResource( 1 )
